@InProceedings{BFJ21:GoalsLuau,
  author = 	 {L. Brown and A. Friesen and A. S. A. Jeffrey},
  title = 	 {Position Paper: Goals of the Luau Type System},
  booktitle =	 {Proc. Human Aspects of Types and Reasoning Assistants},
  year =	 {2021},
  url =          {https://asaj.org/papers/hatra21.pdf},
}

@Misc{Roblox,
  author =    {Roblox},
  title =     {Reimagining the way people come together},
  year = 2023,
  url = {https://corp.roblox.com},
}

@Misc{Luau,
  author =    {Roblox},
  title =        {The {Luau} Programming Language},
  year = 2023,
  url = {https://luau-lang.org},
}

@Misc{Lua,
  author =    {Lua.org and {PUC}-Rio},
  title =        {The {Lua} Programming Language},
  year = 2023,
  url = {https://lua.org},
}

@Misc{Jef22:SemanticSubtyping,
  author =       {A. S. A. Jeffrey},
  title =        {Semantic Subtyping in Luau},
  howpublished = {Roblox Technical Blog},
  year =         {2022},
  url =          {https://blog.roblox.com/2022/11/semantic-subtyping-luau/},
}

@InProceedings{GF05:GentleIntroduction,
  author =       {G. Castagna and A. Frisch},
  title =        {A Gentle Introduction to Semantic Subtyping},
  booktitle =    {Proc. Principles and Practice of Declarative Programming},
  year =         {2005},
}

@InProceedings{ST07:GradualTyping,
  author =       {J. G. Siek and W. Taha},
  title =        {Gradual Typing for Objects},
  booktitle =    {Proc. European Conf Object-Oriented Programming},
  year =         {2007},
  pages =        {2-27},
}

@Misc{BJ23:agda-typeck,
  author =       {L. Brown and A. S. A. Jeffrey},
  title =     {Luau Prototype Typechecker},
  year =         {2023},
  OPTnote =      {},
  url = {https://github.com/luau-lang/agda-typeck}
}

@article{PT00:LocalTypeInference,
author = {Pierce, B. C. and Turner, D. N.},
title = {Local Type Inference},
year = {2000},
volume = {22},
number = {1},
journal = {ACM Trans. Program. Lang. Syst.},
pages = {1–44},
}

@InProceedings{ST06:GradualTyping,
  author = 	 {J. G. Siek and W. Taha},
  title = 	 {Gradual Typing for Functional Languages},
  booktitle =	 {Proc. Scheme and Functional Programming Workshop},
  year =	 {2006},
  pages =	 {81-92},
}

@InProceedings{ST07:GradualTyping,
  author = 	 {J. G. Siek and W. Taha},
  title = 	 {Gradual Typing for Objects},
  booktitle =	 {Proc. Euro. Conf. Object-oriented Programming},
  year =	 {2007},
  pages =	 {2-27},
}

@InProceedings{GCT16:AbstractingGradual,
  author = 	 {R. Garcia and A. M. Clark and \'E. Tanter},
  title = 	 {Abstracting Gradual Typing},
  booktitle =	 {Proc. Principles of Programming Languages},
  year =	 {2016},
}


@Misc{TH08:ErrorHandling,
  title = 	 {New Error Handling for Type Parsing Errors},
  author =	 {S. Tobin-Hochstadt},
  year = 	 {2008},
  note = 	 {Commit to {Typed Racket}},
  url = {https://github.com/racket/racket/commit/3a9928474523b042f83a7a707346daa01ef63899}
}

@inproceedings{Wan86:FindingSource,
author = {Wand, M.},
title = {Finding the Source of Type Errors},
year = {1986},
doi = {10.1145/512644.512648},
booktitle = {Proc. Principles of Programming Languages},
pages = {38–43},
}

@InProceedings{JW86:MaximumFlow,
  author = 	 {G. F. Johnson and J. A. Walz},
  title = 	 {A Maximum Flow Approach to Anomaly Isolation},
  year =	 {1986},
  pages =	 {44-57},
  doi =          {10.1145/512644.512649}
}

@Misc{TypeScript,
  title =	 {TypeScript},
  author =	 {Microsoft},
  year =	 {2023},
  url = {https://www.typescriptlang.org/}
}

@Misc{Ken21:DownDirty,
  author = 	 {A. M. Kent},
  title = 	 {Down and Dirty with Semantic Set-theoretic Types (a tutorial)},
  year = 	 {2021},
  url = {https://pnwamk.github.io/sst-tutorial/}
}

@Article{FCB08:SemanticSubtyping,
  author = 	 {A. Frisch and G. Castagna and V. Benzaken},
  title = 	 {Semantic subtyping: Dealing set-theoretically with function, union, intersection, and negation types},
  journal = 	 {J. ACM},
  year = 	 {2008},
  volume =	 {55},
  number =	 {19},
}

@article{CLNL22:OnTypeCases,
author = {Castagna, G. and Laurent, M. and Nguy\~{\^e}n, K. and Lutze, M,},
title = {On Type-Cases, Union Elimination, and Occurrence Typing},
year = {2022},
volume = {6},
number = {POPL},
doi = {10.1145/3498674},
journal = {Proc. ACM Program. Lang.},
articleno = {13},
numpages = {31},
}